2850 5084
777 475 844 568 114

70 713 78 732 ,
169 674 173 682 ·
297 626 571 725 quaeamus,
607 472 814 719 habrahae
848 472 985 708 aiant,
1021 620 1244 724 dehogicl
1278 634 1322 695 et

296 736 588 840 Metaphysioa
606 739 762 813 Harum
781 737 1082 839 disciplinarum
1099 738 1222 815 libros
1239 728 1321 839 iam

296 852 550 940 confecerat,
581 852 918 953 necquidquam
937 864 1176 967 magnopere
1207 852 1320 955 alind
1379 955 1384 963 Δ

294 970 372 1046 hae
387 969 432 1043 in
449 976 563 1073 parte
581 968 659 1069 ipsi
677 969 874 1071 agendum
894 964 1064 1072 amplius
1085 986 1318 1071 supererat,

286 1086 380 1163 ‚nisi
417 1101 464 1161 ut
498 1083 589 1159 illos
629 1087 842 1186 quotannis
882 1086 947 1164 vel
982 1086 1217 1189 corrigendo
1253 1085 1320 1161 vel

296 1197 525 1305 supplendo
552 1198 737 1274 meliores
762 1216 802 1273 et
828 1199 1056 1276 auditorum
1078 1200 1215 1301 captui
1237 1226 1319 1273 ma-

295 1318 367 1419 gis,
402 1318 522 1393 enam
567 1317 886 1393 accommodatos
934 1312 1148 1404 redderet.
1195 1332 1318 1416 utque

296 1432 702 1535 deinde=praenipna
741 1436 924 1535 quaeque
963 1434 1051 1511 loca
1088 1434 1131 1507 in
1171 1429 1320 1509 scholis

294 1548 425 1623 fusius
453 1546 695 1649 explicaret,
724 1562 843 1646 atque
867 1546 1047 1623 adhibita
1071 1546 1318 1635 definiendi,

295 1664 598 1767 argumentandi
616 1679 657 1739 et
667 1663 963 1765 interpretandi
980 1664 1186 1766 diligentia
1201 1663 1319 1763 Logi-

296 1806 365 1859 ces
399 1779 528 1855 officio
563 1778 821 1855 satisfaceret.
857 1779 1099 1882 Quicunque
1133 1779 1196 1855 his
1230 1778 1318 1879 ejus
1352 1830 1366 1871 r

284 1892 538 1998 'lectionibus
557 1892 849 1981 interfuerunt,
870 1892 1002 1995 ipsum
1023 1898 1132 1969 tanta
1156 1900 1251 1969 aura
1276 1908 1320 1967 et

292 2011 513 2112 religione,
539 2005 696 2113 'quanta
726 2008 903 2110 potuerit
933 2008 1129 2098 maximi,
1162 2008 1205 2082 in
1235 2006 1318 2081 illis

292 2125 490 2203 habendis
519 2125 749 2227 habitisque
778 2140 979 2201 versatum
1009 2151 1098 2203 esse
1131 2151 1213 2201 uno
1247 2149 1323 2201 ora

293 2257 506 2320 testantur.
535 2231 613 2315 sea
645 2239 723 2316 hoo
749 2243 787 2316 ei
816 2242 995 2317 nondum
1023 2242 1117 2318 satis
1145 2265 1232 2317 esse
1258 2240 1317 2321 ,vi-

294 2355 479 2433 debatur.
501 2354 699 2439 Alnmnoi
718 2380 810 2433 suos
832 2357 884 2433 ad
901 2357 1091 2435 interiora
1109 2339 1319 2447 illusarum
1377 2386 1381 2403 ‚

171 2471 173 2474 ’
294 2488 335 2548 et
352 2471 635 2573 Philosophiae
659 2498 770 2548 saera
793 2473 965 2560 ducere,
990 2490 1051 2563 et,
1072 2473 1173 2577 qnid
1196 2474 1318 2548 Vetee

291 2613 379 2677 res,
405 2587 594 2691 inprimis
613 2587 782 2675 Graeci,
807 2589 851 2663 in
873 2578 1131 2693 Philosophia
1152 2589 1320 2692 praesti·

290 2704 441 2792 tarint,
470 2702 570 2805 ipsis
600 2702 725 2779 veluti
752 2702 876 2805 digito
904 2722 1124 2780 monstrare
1150 2705 1316 2791 volens,

291 2818 396 2893 nihil
410 2818 557 2893 utilius
579 2818 665 2893 for'e
688 2818 902 2907 credebat,
921 2802 1040 2921 quam
1059 2818 1214 2921 schtflas
1234 2820 1316 2895 sin·
1399 2842 1401 2847 ·

291 2935 449 3038 gulares
495 2932 546 3009 ‹le
591 2934 773 3013 Historia
815 2934 1088 3035 Philosophiae
1132 2934 1314 3023 hahere,
1369 2984 1374 3001 ·

147 3079 150 3085 ·
238 3113 242 3119 .
290 3040 445 3154 qnippe
462 3075 567 3151 qnae
585 3076 666 3125 non
683 3051 805 3126 modo
822 3050 873 3126 ad
889 3050 1018 3153 ipsam
1035 3048 1316 3153 philosophiae
1361 3066 1391 3147 j

174 3226 178 3243 ,
286 3166 598 3268 intelligentiam
641 3166 859 3267 plurimum
903 3166 1129 3253 conferret,
1176 3190 1319 3243 verum

291 3285 412 3359 etiam
438 3282 490 3357 ad
516 3282 694 3357 omnium
720 3280 806 3355 fere
830 3280 1075 3384 reliquarum
1103 3281 1248 3357 artium
1275 3295 1318 3355 et

289 3397 564 3473 doctrinarum
579 3396 789 3473 historiam
804 3395 927 3472 veluti
944 3394 1104 3499 januam
1124 3397 1314 3498 aperiret·

290 3512 432 3591 Omnis
465 3529 600 3588 autem
633 3509 755 3613 hujus
790 3510 978 3587 materiae
1012 3511 1128 3613 eopia
1156 3509 1210 3597 ‚in
1241 3534 1316 3587 sex

285 3644 446 3737 partes,
471 3626 553 3705 sive
576 3644 752 3719 aetates,
778 3628 905 3703 divisa
928 3646 1026 3704 erat.
1049 3631 1083 3703 1.
1110 3625 1175 3715 Ab
1197 3624 1314 3700 initio

288 3745 341 3820 ad
363 3744 575 3821 Thaletem
596 3763 637 3821 et
659 3744 945 3848 Pythagoram,
972 3744 1047 3821 suh
1070 3741 1216 3843 quihus
1235 3741 1314 3817 hoo

59 3877 61 3884 “
200 3866 202 3872 ’
288 3860 468 3937 studium
485 3861 617 3964 ,magis
644 3877 809 3938 anctum
839 3878 922 3948 est,
955 3888 1000 3937 ae
1031 3857 1314 3962 Philosophiae
1423 3884 1424 3901 ³

179 3963 186 3971 ’
287 3976 451 4051 nomine
470 3978 666 4068 celebrari
688 3969 915 4089 coepitii.
937 3964 995 4051 De
1020 3975 1175 4051 duabus
1198 3998 1316 4075 prae2

284 4090 419 4197 ¹ripuis
450 4094 627 4171 Graecae
657 4090 939 4195 Philosophiae
967 4092 1158 4169 familiis:
1188 4090 1312 4165 altera

176 4222 178 4227 “
286 4208 453 4327 ionici,
477 4224 590 4315 ‘quae
616 4240 641 4289 a
665 4210 836 4313 Thalete
863 4209 980 4289 fluxit
1006 4233 1136 4313 usque
1162 4204 1213 4285 ad
1233 4204 1313 4309 ,So-

185 4407 186 4412 ’
309 4412 315 4447 l

1407 4858 1422 5059 2
