2850 5084
572 419 665 506 (3)
831 403 846 455 ”

87 555 302 632 ’Βιιιιιοιιιιιι
325 563 442 656 scripte
468 577 670 656 tamquam
657 561 691 630 in
725 556 860 628 menam
885 550 1123 653 possessidnem
1196 556 1198 561 ’

106 671 308 760 involaret,
322 671 547 764 legitimosque
584 675 786 774 possessores
822 666 973 748 lucrandi
1002 671 1123 742 studio

3 787 4 790 ’
107 779 292 871 abreptus
290 779 356 847 nisi
382 778 476 848 bonis
504 779 571 846 suis
598 778 732 859 omnino
759 767 932 868 spulisset,
956 790 1043 848 certe
1065 778 1123 848 in-

107 885 248 974 honesto
282 883 412 980 opificio
449 885 603 954 damnum
637 873 800 963 inferret?
831 881 956 974 Pudeat
993 883 1124 986 pigeat-

108 1011 173 1084 que
206 992 374 1061 homiuem
409 1005 475 1058 tem
509 991 615 1083 turpis
646 989 825 1078 merentis,
856 985 1043 1084 lucripetis
1056 1004 1124 1060 tsm

105 1071 261 1168 illiberale
298 1099 465 1188 negotium
499 1092 730 1190 relinquet,
720 1114 856 1227 ipseque
887 1097 955 1166 ud
961 1099 1124 1168 seniorem

12 1221 33 1310 h·
105 1221 247 1274 mentem
268 1206 397 1298 redest'
450 1227 453 1232 ·

150 1304 307 1380 Continet
329 1333 424 1388 vero
445 1310 512 1379 hic
552 1309 680 1385 libellus
715 1333 782 1398 non
815 1307 890 1381 uisi
926 1311 1049 1385 nudem
1082 1334 1122 1381 uc

106 1417 284 1510 simplicem
318 1429 443 1485 rerum'
461 1415 707 1512 Wyttenbacltii
743 1419 995 1516 praecipuarum·
1022 1439 1122 1487 ener-

3 1529 4 1534 ’
103 1523 273 1591 rationem.
294 1523 333 1589 ln
355 1523 420 1615 qui
441 1539 480 1592 ut
504 1535 590 1590 recte
614 1537 647 1590 et
667 1523 781 1589 ordine
798 1521 1028 1612 procederem,
1051 1525 1128 1617 pri-1
1237 1504 1241 1512 ¹

103 1649 195 1696 mum
222 1626 467 1724 Wytteubaeiii
488 1630 606 1721 scripta
629 1629 739 1698 denuo
759 1625 879 1719 relegij
902 1649 1053 1724 quaeque
1076 1629 1121 1703 ad

103 1736 311 1830 propositum
345 1727 455 1806 meum
474 1737 651 1830 ‘pertinere
687 1732 856 1821 intellexi,
890 1735 1030 1803 memmi
1063 1737 1119 1806 di·

3 1905 4 1918 ,
103 1841 239 1930 ligentii
267 1867 319 1912 ex·
334 1843 398 1912 illis
424 1844 589 1936 excerpsi,
615 1857 648 1911 et
676 1840 757 1911 huic
781 1842 952 1938 scriptioni
978 1837 1121 1915 subinde

104 1952 217 2019 addidi
248 1952 283 2019 in
313 1953 446 2040 gretiam
479 1952 700 2020 studiosdrum
729 1951 886 2044 juvenum
915 1949 1136 2042 tvmente-

56 2062 59 2070 '
104 2045 175 2122 chii·
199 2057 327 2148 scriptis
355 2057 554 2126 carentium·
572 2049 718 2142 Deinde,
748 2079 833 2148 quae
861 2077 903 2124 ex
930 2079 986 2125 ore
1012 2058 1122 2152 ipsius

107 2158 353 2253 Wyttenbaclrii
378 2161 566 2246 audieram,
580 2161 702 2252 quoad
727 2163 843 2250 potui,
871 2163 908 2228 in
931 2163 1120 2234 memoriam

104 2265 187 2333 mihi
210 2289 360 2335 revocare
383 2267 516 2334 studui.¹
529 2267 571 2334 Et
594 2267 765 2360 Denique,
787 2269 972 2338 nnn-modo
991 2268 1117 2358 hene&

103 2371 277 2474 tissimumx
295 2372 441 2466 magistri
473 2371 626 2459 viduam,
663 2372 834 2465 ipsiusque
871 2372 1007 2466 plenum
1039 2376 1119 2446 fidei

103 2478 237 2544 fratrem
260 2477 408 2545 subinde
440 2475 613 2564 consului,
641 2499 755 2545 verum
786 2477 883 2546 etiam
911 2501 963 2559 ex,
979 2477 1117 2550 aliorum

103 2581 147 2650 sd
160 2619 163 2623 ·
177 2579 229 2649 W
219 2576 460 2675 yttendacbium
486 2580 631 2674 epistolis
655 2579 813 2664 nonnulla
836 2583 923 2650 scitu
945 2572 1037 2652 baud
1059 2585 1118 2654 in-

101 2689 248 2780 jucunde
272 2689 365 2780 petii.
388 2687 438 2756 Ex
464 2687 517 2756 bis
541 2688 631 2781 puris
655 2703 689 2756 et
712 2685 856 2780 limpidis
876 2687 1023 2758 lontibus
1043 2692 1128 2762 nien*

100 2794 212 2865 brusi.
244 2797 355 2888 Atque
383 2796 507 2866 idcirce
533 2794 625 2864 haud
651 2793 747 2870 fusile
768 2816 967 2920 quemquem
990 2794 1118 2890 aliquid

101 2901 140 2968 in
158 2901 224 2970 hoc
246 2899 356 3012 libello
378 2917 583 2996 reperturum
607 2923 700 2981 esse,
724 2901 815 2994 quod
838 2926 860 2972 e
880 2902 1014 2972 vertute
1037 2901 1118 2975 slie-

102 3028 186 3076 num
203 2989 268 3095 sit,
283 3029 362 3100 prae
379 3031 430 3077 me
449 3007 534 3076 serre
548 3007 668 3078 eudes.

147 3114 280 3182 Interim
304 3129 413 3184 temen
440 3111 656 3208 prehensio,
685 3134 786 3205 quern
808 3113 949 3202 arduum
980 3135 1020 3181 ee
1045 3113 1118 3186 dif-
1165 3153 1168 3157 ²
1240 3127 1246 3147 ¹

99 3219 191 3295 fieile
211 3243 296 3314 opus
320 3221 528 3320 susceperim.
541 3219 669 3314 ‘Neque
689 3241 743 3290 me
759 3219 900 3308 lugiunt
925 3217 981 3309 ills
1011 3220 1117 3314 ipsius

108 3326 162 3396 W
155 3325 357 3421 flinsbaclrii
385 3327 685 3420 verbu‚·maguttm
711 3329 824 3397 virum
850 3329 917 3397 nisi
945 3350 969 3394 a
999 3351 1116 3421 magster

3 3487 4 3514 ι
101 3439 183 3504 viru
218 3439 282 3506 rite
313 3433 445 3506 landari
471 3459 536 3505 non
569 3457 678 3529 posse.
708 3433 834 3503 Verum
865 3429 970 3527 quum
1005 3458 1116 3529 neque

104 3539 352 3626 Writenbnelrii
375 3542 441 3610 vite
463 3538 561 3610 leude
588 3554 621 3610 et
643 3542 819 3634 praeconio
844 3561 918 3610 meu
944 3539 1090 3630 indigeat
1105 3589 1129 3631 ,.

102 3671 213 3740 neque
248 3641 308 3739 ego
344 3649 426 3718 adeo
461 3669 566 3716 venus
596 3647 657 3716 sim
671 3669 691 3725 ‚'
718 3647 778 3740 qui
811 3669 863 3717 me
893 3669 955 3739 pro
993 3648 1118 3718 meritis

102 3753 270 3824 Sumam
287 3753 417 3823 Vtrum
439 3752 573 3822 laudare
593 3775 690 3845 posse
718 3767 852 3845 putem3
881 3767 946 3820 tum
970 3751 1117 3824 benevo-

28 3941 30 3946 ,
98 3859 152 3928 los
191 3876 224 3929 et
263 3859 472 3950 indulgentes
504 3859 640 3928 lectores
676 3882 729 3932 me
767 3853 957 3928 habiturum
995 3883 1117 3954 spero,

99 3969 162 4060 qui
189 3967 272 4036 mibi
305 3966 347 4040 ob
379 3969 553 4036 honestum
585 3965 732 4037 studium
763 3989 901 4052 meum,
932 3983 1000 4059 quo
1032 3966 1118 4035 nihil

3 4097 4 4172 j
97 4071 191 4142 eliud
210 4073 292 4143 milri
318 4075 494 4168 proposui,
518 4074 582 4143 nisi
606 4063 655 4141 ut'
670 4072 859 4168 disciplinae
881 4071 1117 4143 necessitudini

3 4209 4 4224 2
97 4201 139 4248 ec
161 4179 277 4274 pienti
298 4178 407 4273 aliqui
428 4179 540 4250 saltem
563 4202 604 4250 ex
627 4180 978 4271 persentiscerem,
1003 4180 1117 4273 potius
