2850 5084
529 509 686 607 (ιιι)

108 647 361 731 tenbachitim
382 648 622 732 valetudinis
649 618 767 731 causi
792 650 952 731 beidam
979 658 1120 733 cousti-

111 786 191 849 tuto
219 790 397 905 tempore
425 768 509 861 ire,
529 799 579 849 ⁴ac
601 768 881 849 llu'hnkenium
905 774 1119 849 convenire

107 904 184 963 non
213 887 408 990 potuisse.
433 890 530 965 Mox
553 890 658 963 enim
683 890 724 980 in
752 910 909 993 gravem
940 884 1138 977 morbum

106 1002 333 1093 incidebat,
362 1030 492 1107 eoque
514 1031 591 1136 per
620 1006 735 1081 binos
762 1026 917 1127 menses
945 1002 999 1081 ita
1029 1034 1124 1093 con·

107 1114 351 1208 llictabatur,
380 1129 425 1195 u't
446 1114 564 1216 amici
591 1147 636 1195 ac
642 1112 809 1194 medici
835 1108 937 1194 vitae
963 1112 1048 1219 ejus
1075 1120 1125 1195 ti-

75 1296 79 1303 .
109 1250 285 1328 merent,
302 1261 378 1311 nec
395 1233 507 1337 ipse,
526 1237 706 1338 quamvis
726 1234 893 1347 depulsi
912 1230 1097 1311 rau-'‘lu
1059 1264 1126 1328 vt,

102 1345 185 1423 'nisi
208 1343 424 1426 admodum
449 1348 559 1425 tarde
588 1378 633 1425 ac
661 1346 770 1423 lente
796 1350 958 1425 amissas
986 1378 1127 1453 corpo·

110 1465 163 1542 ris
188 1465 291 1541 vires
314 1467 605 1569 pristinamque
628 1467 837 1543 sanitatem
855 1485 1129 1569 recuperaret.

157 1578 242 1657 Sub
260 1578 361 1656 illud
378 1609 471 1657 vero
491 1585 670 1685 tempus,
688 1608 770 1687 quo
787 1574 1130 1683 Wyttenbachius
1209 1632 1211 1637 ·

112 1692 404 1797 quodammodo
428 1692 672 1773 revalescere
699 1692 945 1799 incipiebat,
974 1722 1022 1771 ex
1046 1694 1152 1798 Ans
1192 1704 1197 1711 ’
1230 1756 1232 1765 ,

111 1809 226 1913 glis
214 1841 257 1888 m
282 1796 539 1889 Hollandiam
564 1808 750 1889 veniebat
777 1805 989 1891 Thomas
1013 1804 1048 1887 Β
1058 1840 1130 1891 ur

107 1926 341 2027 gessius,
372 1928 429 2002 A.
461 1924 548 2017 M.,
581 1920 745 2030 Collegii
777 1918 957 2029 Corporis
986 1920 1133 2019 Christi
1234 1913 1242 1925 ¹

110 2037 278 2135 Sosius,
295 2042 355 2119 vir
383 2046 424 2118 in
449 2035 611 2117 Graecis
638 2036 859 2144 Latinisque
885 2034 1024 2119 biteris
1048 2070 1131 2121 uer·

110 2161 352 2243 notissimus,
382 2150 552 2259 idemque
572 2151 688 2233 editis
713 2150 969 2257 compluribus
993 2148 1133 2235 doctri·

109 2296 182 2349 nae
203 2278 454 2371 monumentis
478 2270 620 2348 clarus.
645 2265 787 2348 Hic'rt
750 2301 787 2345 1⁰
764 2275 871 2385 itur
891 2268 949 2347 W
980 2270 1140 2351 ttenba-.

40 2464 47 2481 ,
114 2386 205 2463 chii
229 2387 384 2465 visendi
418 2387 622 2491 cupidus,
665 2382 797 2486 statim
837 2406 860 2462 e
896 2302 1135 2479 bubulcum

113 2491 356 2604 quaerebat,
385 2499 455 2577 nbi
480 2475 823 2605 Wyttenbacltius
851 2518 969 2591 essct,
998 2498 1132 2593 Tum,
1231 2504 1233 2511 '
1322 2474 1325 2482 ¹

85 2615 164 2691 'de
189 2637 241 2693 cu
267 2622 420 2695 certior
441 2612 592 2705 factus,
621 2643 710 2694 sese
738 2612 931 2713 continuo
959 2618 1001 2692 in
1031 2612 1135 2695 viam

83 2817 94 2837 ,
114 2727 256 2819 dabat
282 2746 323 2807 et
345 2734 389 2806 in
408 2733 666 2810 Eamnessano
685 2706 995 2837 Wytte'ubachii
1018 2731 1136 2811 horto

114 2871 196 2921 non
230 2863 384 2933 tantum
400 2831 468 2923 de
502 2848 638 2942 multis
671 2846 761 2923 aliis
793 2846 915 2923 rebus
948 2842 1136 2927 litorariis
1197 2852 1198 2855 ’
1247 2852 1252 2860 ’
1287 2902 1291 2915 .

113 2988 209 3037 cum
241 2988 290 3039 eo
324 2962 450 3039 amice
484 2975 533 3039 ac
571 2956 740 3038 comiter
775 2956 1166 3067 confabulabatur,
1249 2991 1258 3009 ·

116 3076 256 3159 verum
275 3074 457 3183 inprimis
481 3074 531 3154 de
553 3072 790 3167 Plutarcho,
813 3078 1010 3162 sumtibus
1033 3084 1139 3185 Aca·
1169 3140 1172 3151 .

117 3190 273 3269 dauriae
285 3184 525 3269 Oxoniedsis
536 3186 803 3296 imprimendo
817 3250 827 3283 ,
842 3192 1000 3297 agebat,
1000 3174 1138 3297 seque

116 3301 227 3385 illius
253 3304 402 3411 negotii
429 3303 728 3389 conciliatorem
750 3307 834 3386 fore
858 3304 1140 3412 pollicebatur.

115 3422 246 3499 Nam
238 3423 489 3527 simulatque
523 3421 726 3501 Plutarchi
756 3420 917 3501 libellus
951 3422 1014 3503 De
1045 3426 1142 3505 Seru
1225 3514 1232 3537 ‚

117 3536 299 3615 Nummus
312 3538 359 3616 V
354 3537 524 3628 tndem
537 3542 670 3617 studto
682 3534 992 3643 Wytteubacbn
1007 3562 1143 3617 emen·

23 3714 25 3723 .
118 3651 260 3740 datus,
287 3657 328 3729 iu
355 3651 488 3745 lucem
520 3655 724 3756 prodierat
751 3652 875 3757 bugd
905 3651 992 3729 Bas.
1025 3678 1141 3760 ¹77²·

119 3786 163 3845 et
190 3742 242 3846 ad
271 3764 519 3849 eruditorum
548 3772 769 3873 Anglorum
794 3766 978 3847 notitiam
1003 3788 1145 3873 penve-
1176 3860 1184 3881 Ι

119 3895 273 3973 uerat,
295 3883 337 3959 bi
372 3883 470 3973 viri,
502 3880 665 3961 editoris
696 3908 890 3973 summam
920 3880 1144 3965 doctrinam

119 3998 307 4086 admirati
343 3996 445 4074 nihil
479 3997 707 4103 flagrantius
747 4004 988 4133 cupierant,
1023 4030 1145 4103 quam

77 4148 82 4151 ·
119 4128 169 4188 ut
190 4102 572 4219 Wyttenbachins
562 4142 603 4188 m
628 4113 794 4193 edendis
818 4110 1047 4193 Plutarchi
1044 4144 1145 4221 ope-

121 4226 242 4307 ribus
277 4225 453 4309 studium
495 4252 535 4307 et
577 4257 738 4335 operam
785 4260 903 4331 porro
944 4234 1151 4351 positurus
