2850 5084
385 413 708 531 ,χιιιιι
812 471 841 491 .
938 360 943 372 ’

6 545 10 622 ἶ
123 562 271 665 egregii
284 573 456 636 auctores
470 558 717 637 historiarum
732 577 948 649 censentur.
968 562 1044 665 qud
1063 562 1137 639 lec·

6 683 7 692 ’
124 694 245 753 torum
267 679 416 761 animos
436 678 613 775 copiunt,
635 682 834 779 eorumque
852 676 1139 756 alliciendorum

123 796 470 896 retinendorumque
485 798 562 870 uim
577 810 798 897 argumento
813 822 884 874 suo
900 797 1141 911 adjungunt3
1161 788 1180 895 )
1227 868 1238 889 ,
1324 816 1328 824 “

121 917 248 1012 itaque
246 912 428 1007 fructum
444 911 626 989 historiae
642 914 860 1011 ampliorem
876 906 1139 1011 efficaciorem·

120 1054 191 1131 que
221 1027 397 1105 reddunt.
420 1009 618 1120 -Sane,
649 1030 749 1105 hanc
778 1032 886 1107 nobis
914 1036 1138 1110 sententiam

110 1144 268 1251 judices
289 1146 476 1261 probant3
496 1169 584 1219 cum
607 1147 656 1226 ed
677 1164 804 1223 temen
826 1152 1068 1249 exceptione
1096 1164 1140 1225 ut

120 1253 338 1349 teneamus,
360 1284 473 1357 saepe
491 1259 533 1332 d
518 1260 629 1357 fficr
626 1260 756 1333 limum
771 1288 865 1337 esse
872 1288 997 1338 rerum
1008 1283 1138 1368 gesta·
1239 1276 1244 1297 '

119 1401 205 1452 rum
230 1376 425 1449 umhatem
445 1379 567 1463 scire,
595 1401 669 1478 non
693 1376 854 1451 solum
839 1406 880 1453 en
904 1370 1156 1481 argumentis,

17 1536 21 1544 ·
99 1488 356 1578 ,nonduml
312 1516 338 1564 a
352 1494 474 1566 iorum
494 1470 698 1587 scriptione
722 1506 916 1567 anctorum
938 1501 1134 1591 tractatis,

120 1609 237 1685 sed
220 1638 261 1683 m
289 1614 392 1684 tritis
421 1608 514 1684 adeo
544 1634 590 1683 ac
616 1613 772 1708 saepius
796 1612 994 1707 repetitis3
1022 1584 1142 1689 ueluti
1219 1604 1224 1613 ’

10 1805 15 1817 ,
119 1728 163 1801 in
189 1726 372 1800 Historid
400 1724 494 1821 adeo
524 1724 759 1812 Universali,
724 1752 906 1827 equae
903 1728 1065 1817 dicitur,
1095 1734 1137 1803 in
1258 1768 1263 1781 ·

117 1841 194 1941 qud
219 1840 332 1915 multi
359 1843 472 1914 etiam
501 1864 601 1915 nnnc
627 1856 717 1924 sunt
746 1841 820 1915 loci
846 1840 1010 1916 nondum
1039 1847 1137 1918 satis
1205 1834 1228 1899 V

115 1954 310 2053 expliciti,
335 1980 404 2029 nec
423 1952 476 2027 ad
495 1952 678 2068 liquidum
696 1956 884 2052 perducti.
913 1958 1136 2033 Historicus

34 2081 38 2091 ’
117 2066 270 2145 autem
266 2095 303 2143 se
295 2068 448 2191 adfert
467 2059 675 2167 simplicem
684 2124 698 2159 ‚
723 2070 793 2145 sed
812 2097 895 2145 eam
917 2065 1142 2171 locupletem

116 2212 165 2262 ac
189 2182 457 2284 perspicuam
489 2188 662 2261 ueritatis
686 2188 968 2271 narrationem
996 2186 1044 2262 eci
1067 2196 1136 2261 nos'

116 2299 268 2406 quidem
296 2302 463 2375 contenti
485 2325 642 2391 sumus3
667 2326 736 2373 nec
761 2298 1019 2401 desideramus
1043 2326 1135 2374 cau-

115 2440 246 2491 sarum
272 2414 588 2513 explicationem,
617 2430 684 2489 aut
703 2418 878 2513 picturae
906 2414 1136 2490 memoresve

116 2531 409 2618 oblectamenta¹
431 2534 516 2622 nisi
534 2545 717 2632 quatenus
742 2532 836 2606 haec
858 2555 908 2607 ex
933 2530 1019 2628 ipsd
1038 2533 1133 2605 oeri-

115 2650 210 2723 t‘atis
240 2633 455 2748 cognitione
485 2650 688 2721 exsistunt.
728 2644 841 2749 Quod
864 2651 902 2719 si
929 2670 1015 2719 vero
1039 2645 1135 2718 haec

7 2773 8 2861 j
117 2768 199 2862 ipse
226 2760 376 2839 addidit
402 2768 580 2861 scriptor,
611 2762 751 2837 diserte
779 2764 1002 2863 signfficet:
1037 2776 1137 2835 certe

118 2883 173 2955 ita
203 2879 368 2964 scribor,
397 2893 438 2953 ut
462 2895 667 2977 appareat,
697 2876 790 2979 quid
818 2882 859 2951 in
892 2882 986 2975 ipsis
1004 2874 1136 2973 factis

117 3009 157 3072 et
186 2998 343 3072 ueritate
372 2998 487 3080 insit,
518 2994 611 3095 quid
635 2998 716 3092 ipse
745 2992 792 3068 dc
824 3018 893 3068 suo
926 2992 1134 3093 aeljecerits

119 3138 230 3213 quam
243 3110 352 3206 fidei
383 3112 622 3183 sanctitatem
651 3114 693 3186 in
723 3108 935 3209 Antiqua,
969 3110 1139 3181 maxime

121 3224 368 3327 Thucydide,
383 3224 564 3321 Polybio,
578 3222 812 3313 Plutarcho,
827 3218 957 3309 Livio,
979 3222 1135 3313 Tacito,

116 3330 361 3439 suspicimw.
395 3340 506 3414 Nunc
521 3340 649 3425 sunt,
683 3340 749 3438 qui
777 3342 817 3413 in
833 3362 834 3367 ’
849 3334 1010 3413 historici
1040 3339 1138 3409 scri·

118 3456 240 3535 hendd
270 3454 329 3531 nil
358 3458 436 3529 nisi
465 3454 657 3547 disserant
688 3479 734 3527 ac
768 3440 1069 3539 ratiocinantur,
1099 3462 1137 3523 et
1223 3500 1225 3507 ,

9 3575 10 3582 ’
118 3584 452 3673 rerumgestarum
470 3571 724 3669 ignorantiam
741 3563 1041 3664 philosophando
1057 3562 1138 3638 dis·

117 3688 307 3769 simulent.
332 3684 436 3786 Quin
451 3681 674 3782 quotidiani
690 3686 730 3755 in
746 3685 846 3755 uitae
863 3674 1136 3756 consuetudine
1199 3746 1202 3755 .
1306 3711 1310 3719 ·

119 3799 232 3902 saepe
259 3800 369 3876 nohis
400 3799 620 3897 usuvenit,
649 3811 692 3870 ut
714 3795 978 3897 quaerentibus
1003 3794 1141 3896 ecquid

116 3915 266 4017 publice
289 3911 377 4007 noli
399 3912 607 3998 occideret,
632 3910 888 3997 nilnarrent.
912 3908 1072 3985 sedena
1093 3908 1142 3985 de

121 4035 231 4112 rebus
261 4037 362 4108 notis
381 4027 537 4141 judicia
563 4041 799 4126 expromunt
836 4026 983 4126 Quibus
1007 4028 1141 4101 merito

119 4174 373 4252 reponamus.
364 4148 459 4224 ·Da
484 4142 580 4219 mihi
600 4168 660 4219 res
682 4170 754 4247 ges
756 4152 816 4219 tas
838 4156 875 4218 ct
883 4138 1029 4238 sacto·
1015 4195 1028 4235 ,
1059 4144 1141 4241 ipse
