2850 5084
252 601 516 702 mollitudinis
543 618 724 694 mediam
740 619 994 705 lii-mitatem,-
1017 617 1171 709 idest,
1196 617 1268 691 im·
1296 713 1302 723 ἱ

253 726 414 826 pietatis
441 749 568 840 atque
605 733 900 834 superstitionis
917 731 1106 808 mediam
1144 733 1271 832 pieta·

253 853 362 930 tem,
375 821 641 952 philosophia
669 849 832 923 demum
855 873 941 925 me
936 844 1168 923 consectari
1198 846 1271 920 do-

255 957 355 1032 cuit.
359 957 386 993 ''
379 963 579 1058 -Quam
588 965 802 1040 verissime
805 982 940 1040 autent·
949 963 1108 1039 haeoab
1114 963 1275 1065 optimo

190 1079 193 1089 “
255 1069 343 1149 viro
355 1074 464 1154 diota
483 1095 582 1166 sint
603 1103 653 1154 ex
668 1104 796 1180 ipsius
810 1096 893 1155 vita
907 1097 952 1156 ct
968 1072 1275 1180 scriptitamus
1391 1182 1394 1188 Ι

225 1221 238 1262 a
255 1180 437 1284 apparet.
1163 1218 1167 1226 ·
1208 1220 1212 1232 ·

305 1301 394 1378 Jam
421 1321 557 1388 autern
587 1311 718 1414 quinto
746 1311 949 1384 semestri
960 1308 1088 1411 spatio
1108 1307 1273 1385 Acade
1255 1349 1281 1365 -

258 1416 362 1492 mico
382 1419 722 1530 wyttenbachius
734 1425 991 1526 quadruplex
1008 1421 1085 1499 sibi
1103 1449 1274 1524 pensum
1370 1472 1375 1482 -

257 1529 440 1633 satiebat.
465 1514 643 1612 Primum·
652 1539 831 1616 :³denuo
819 1565 880 1613 ιιι
873 1538 1043 1614 scholas
1057 1537 1278 1613 Maleam
1410 1550 1414 1559 “

172 1652 175 1664 ’
257 1651 357 1730 ticos
380 1668 437 1726 et
445 1651 615 1754 Logieas
643 1656 853 1730 veniebat.
886 1655 1032 1730 deinde
1061 1653 1124 1728 his
1149 1655 1277 1728 Meta-
1291 1661 1297 1670 '

255 1763 457 1861 physicam
491 1787 530 1844 et
561 1771 755 1846 Ethtccm
775 1768 1013 1872 adjiciebat.
1016 1770 1114 1852 Sed
1150 1773 1280 1874 Meta·

261 1878 474 1980 physica
462 1910 595 1983 ipsum
614 1886 814 1986 capiebat
846 1906 1002 1973 totum,
1039 1904 1089 1961 et
1106 1904 1280 1986 captum

264 1995 439 2074 tenebat.
475 2001 592 2074 Hanc
626 2003 807 2076 tradebat
840 2001 1277 2102 coaugmentata,

261 2115 342 2208 qua
365 2113 569 2224 [cogitaui.
593 2118 884 2225 perspicuitate
902 2144 949 2193 ac
972 2118 1189 2205 suavitate,
1207 2142 1283 2192 ··se

211 2299 212 2304 ,
261 2237 390 2322 quetis
406 2244 623 2306 auctorem
641 2233 854 2323 Wolfium,
880 2256 930 2305 ex
954 2233 1068 2332 cujus
1091 2257 1281 2332 compen·

133 2334 145 2358 '⁸
262 2337 331 2420 dio
364 2343 549 2442 primum
591 2363 650 2424 tot
692 2347 959 2448 paragraphos
996 2348 1281 2449 praelegebat,

229 2471 362 2554 ⁴quot
406 2484 532 2534 unum
577 2481 852 2563 argumentum
897 2464 1147 2549 contineret
1196 2480 1282 2537 tum

263 2567 408 2646 horum
443 2598 641 2651 summam
679 2577 820 2650 Latine
860 2577 1064 2665 dictabat,
1106 2577 1283 2680 denique
1384 2662 1393 2678 ,

263 2707 349 2760 rem
388 2687 625 2766 Germanice
662 2692 898 2766 disserendo
939 2691 1177 2800 explicabat.
1202 2697 1285 2768 lta

265 2816 362 2878 tunc
403 2805 567 2906 quidam
605 2808 852 2884 Professores
892 2809 1097 2909 Murburgi
1128 2808 1283 2884 factita-

143 2935 149 2948 ·
256 2911 384 2988 bant.
374 2921 549 2994 caeteri
564 2923 842 2998 tantummodo
853 2923 1123 3005 disserebant
1113 2924 1284 2996 ·Latine
1315 2904 1322 2917 ¹

266 3031 341 3108 soli
359 3033 555 3138 theologi,
574 3039 812 3114 Germanice
828 3040 990 3140 reliqui.
1009 3043 1144 3140 Atque
1161 3039 1298 3139 Wyt-¹

265 3147 508 3226 tenbachius
536 3151 579 3224 iu
608 3152 756 3242 scholis
784 3174 868 3228 non
898 3155 981 3229 sola
1012 3153 1160 3229 dictata
1187 3152 1285 3227 scri·

265 3260 410 3349 hebet.
436 3265 507 3341 sed
529 3290 578 3340 ex
601 3268 719 3342 dictis
743 3269 883 3354 etiam,
909 3292 1013 3370 quae
1035 3266 1206 3342 maxime
1232 3266 1287 3340 ad

265 3401 353 3452 rem
370 3381 571 3479 pertinere
592 3383 842 3470 riderentur,
863 3385 1079 3484 praecipua
1100 3392 1286 3485 quaeque

269 3497 543 3595 excerpebat:
591 3525 718 3600 eaque
764 3500 956 3576 contiuuo
999 3497 1116 3575 domi·
1150 3520 1287 3574 secum
1333 3553 1337 3565 .

189 3639 197 3721 ⁵.
269 3612 624 3699 commentabatur,
657 3631 703 3688 ut
731 3616 783 3691 ad
815 3641 954 3691 eorum
988 3613 1289 3699 commentatio-

270 3747 365 3808 nem
394 3749 535 3806 ¹recem
562 3729 751 3805 memoria
778 3729 874 3806 alias
903 3729 1024 3803 etiam
1047 3721 1290 3854 disputatio·

271 3836 334 3910 nis
350 3857 510 3946 partes.
537 3866 625 3918 ase
651 3869 735 3922 non
748 3840 991 3944 excerptas,
1013 3858 1187 3917 attamen
1214 3839 1291 3912 mi·

273 3953 381 4038 nime
404 3957 680 4057 negligendas
708 3958 934 4060 subjiceret.
953 3956 1108 4030 Deinde
1130 3979 1292 4029 omnem

272 4066 381 4146 illam
404 4073 609 4152 materiam
633 4091 817 4151 accurate
842 4070 1070 4174 digerebat,
1096 4087 1137 4145 et
1153 4068 1289 4144 lucide

264 4184 502 4285 ,mundaque
527 4186 568 4264 in
592 4187 906 4290 peculiarilibro
923 4185 1189 4264 describebat.
1207 4181 1289 4280 Qui
