2850 5084
523 478 526 488 .
628 373 868 541 'tant

256 592 408 695 ·ipsius
439 616 566 667 mores
590 590 790 669 amabiles.
807 608 847 666 et
873 616 964 665 cum
991 591 1177 692 flagrante
1205 588 1302 663 doo-

257 694 474 783 'utrarum
493 702 632 781 studio
654 706 913 807 conjunctum
943 706 1100 781 virtutis
1124 731 1303 796 amorem
1405 747 1410 752 ·

284 850 376 899 cum
397 825 484 900 aliis
510 824 705 899 Helvetiis
730 824 948 899 -admodum
971 819 1193 923 placuisse,
1209 837 1304 896 tum

195 1030 199 1038 Ι
283 964 378 1014 vero
395 940 632 1028 Salclrlium,
659 941 845 1039 maritum
866 939 1025 1041 majoris
1041 954 1138 1012 natu
1156 937 1306 1013 sororis
1419 956 1421 1038 ’ἶ

283 1056 615 1157 Wpttenbaehii,
641 1058 742 1131 adeo
763 1057 942 1157 cepisse,
967 1073 1012 1129 ut
1029 1055 1095 1129 hie
1113 1056 1192 1155 ipsi
1211 1079 1306 1157 pos-s

284 1187 346 1245 tea
375 1172 544 1247 Carmen
572 1173 779 1247 suumDe
803 1172 911 1247 Malo
936 1170 1194 1246 dedicaverit.

331 1286 413 1362 Sed
438 1316 564 1389 quum
590 1288 931 1389 Wyttenbaebius
964 1286 1155 1371 sentiret,
1189 1310 1308 1387 pere-

225 1431 228 1442 ·
283 1402 467 1504 griuandi
499 1390 795 1486 eonsiliumob
824 1403 1093 1479 valetudinem
1116 1402 1165 1475 ·in
1194 1400 1309 1475 aliud

285 1534 442 1621 tempus
484 1520 748 1623 rejiciendum
785 1544 899 1604 esse,
941 1537 1114 1593 attamen
1154 1517 1309 1590 interea

180 1698 182 1711 .
285 1634 385 1709 nibil
409 1662 524 1738 agere
546 1663 626 1711 non
656 1654 813 1736 posset,
842 1660 979 1709 rursus
1006 1634 1055 1727 ad
1084 1634 1318 1720 Litterarum¹

287 1750 465 1827 studium
487 1751 764 1854 confugiebat,
792 1769 999 1851 tamquam
1020 1748 1310 1823 ad.·humanis-

287 1866 425 1941 simam
443 1885 483 1941 et
498 1868 819 1942 liberalissimam
837 1866 958 1940 animi
973 1862 1306 1948 oblectationem,
1372 1859 1379 1874 '

287 1973 563 2085 optimumque
599 1976 851 2057 miseriarum
889 1984 1169 2055 levamentum.
1208 1980 1311 2055 Nam

288 2112 359 2169 aut
391 2096 507 2197 ipset,
535 2097 589 2168 iu
624 2090 774 2171 lectulo
798 2096 992 2177 «cubans,
1030 2119 1163 2167 rerum
1197 2111 1311 2167 aute-

288 2210 464 2285 eo'tarnnr
480 2212 752 2313 recognitione
768 2236 810 2285 se
825 2209 1076 2295 oblectabat,
1095 2226 1164 2283 aut
1177 2209 1312 2309 neptis
1332 2234 1338 2244 ·

290 2323 328 2395 ei
350 2340 509 2427 praesto
533 2344 639 2410 erat,
666 2326 772 2399 omni
798 2324 950 2398 ratione
979 2345 1244 2428 praecavens,
1267 2316 1315 2395 u't'

235 2476 238 2479 ·
289 2462 341 2510 ne
365 2438 540 2538 optimus
563 2439 623 2512 vir
648 2438 867 2539 quidquam
893 2435 1140 2511 desideraret
1166 2460 1216 2507 ex
1242 2435 1314 2510 illo

289 2577 434 2653 genero
455 2554 698 2641 officiorum,
713 2555 871 2656 *quibus
893 2553 1104 2655 explendis
1131 2554 1219 2655 ipsa
1239 2581 1316 2653 par

279 2684 410 2741 esset.
427 2670 550 2741 Modo
566 2670 675 2742 enim
695 2670 894 2743 avunculo
913 2669 1025 2753 loca,
1046 2694 1150 2768 quae
1166 2667 1312 2754 vellet,

290 2804 338 2854 ex
363 2784 573 2884 utriusque
598 2781 850 2885 antiquitatis
872 2782 1135 2884 scriptoribus
1159 2782 1317 2883 praele-

289 2896 428 2995 gebat,
465 2898 582 2971 modo
617 2898 807 2999 epistolas
842 2898 1206 2997 scribebat,·‹puas
1242 2896 1338 2991 ille,

291 3011 442 3087 dictare
462 3002 634 3100 solebat,
660 3013 779 3087 modo
803 3012 923 3086 etiam
942 3013 981 3086 ei
998 3012 1200 3113 renitebat.
1213 3038 1316 3086 non·

290 3124 402 3199 nulla
418 3153 467 3199 ex
492 3128 560 3213 iis,
581 3152 683 3227 quae
703 3128 788 3227 ipsa
808 3143 1108 3228 composuerat,
1124 3127 1315 3227 ejusque,

185 3312 186 3317 ,
297 3259 497 3344 tamquam
519 3243 761 3331 Aristarchi,
779 3244 975 3344 judicium
992 3244 1069 3319 sibi
1087 3244 1318 3345 expetebat.

292 3358 532 3463 Licet-enim
557 3386 725 3459 corpore
747 3385 864 3461 aeger
885 3380 1013 3448 esset,
1037 3380 1169 3437 tamen
1191 3362 1320 3435 animi

292 3470 523 3574 ingeniique
549 3473 700 3549 viri-bus
722 3473 877 3561 adhue,
900 3479 1126 3565 otiantes,
1153 3477 1321 3551 omniuo

292 3586 463 3687 vigebat.
489 3590 578 3685 Quo
604 3589 856 3678 factumest,
882 3608 928 3665 ut
952 3586 1103 3693 neptis,
1126 3592 1319 3676 avunculi

220 3769 224 3779 ,
242 3745 246 3753 ·
294 3704 547 3805 potissimum
567 3706 718 3805 judicio
735 3706 989 3794 confirmata,
1016 3706 1203 3808 precibus
1219 3709 1321 3781 ami·

294 3844 432 3893 corum
458 3824 723 3914 concederet,
750 3841 871 3924 atque
895 3824 1171 3924 promitteret,
1202 3848 1246 3899 ae
1268 3823 1320 3897 ad

280 3922 496 4035 'publicem
521 3939 736 4013 utilitatem
754 3928 955 4041 deinceps
972 3940 1177 4015 edituram
1204 3964 1317 4027 esse,

293 4051 458 4149 quaead
471 4054 592 4127 animi
609 4055 856 4155 voluptatem
867 4073 981 4132 suam
999 4054 1316 4156 conscripsisset.

294 4160 450 4272 Cuique
477 4170 674 4271 promisso
703 4171 931 4255 doctissima
964 4158 1185 4250 cleobulina
1208 4174 1317 4274 (quo
