2850 5084
704 472 864 572 (ιω)

267 651 353 732 ipro
373 650 418 708 re
440 630 532 703 nott
556 623 674 701 modo
698 651 748 702 ex
770 624 969 715 Historid‘,
992 622 1118 701 modo
1134 622 1191 699 ex'
1206 620 1291 697 An·

276 741 553 846 delatuturus,
577 741 697 818 modo
720 766 771 817 ex
796 734 884 821 aliie
907 742 1072 819 eliorum
1091 738 1293 815 doctrina·
1368 769 1370 773 ·

277 884 369 934 rum
390 857 615 959 disciplinis
634 856 818 961 duxisse,
841 854 1018 935 adhibita
1039 848 1192 932 ratione
1216 853 1295 928 eri·
1415 886 1417 913 ⁴

280 975 373 1050 tice.
402 973 622 1050 Classicum
646 975 809 1051 omniuo
835 976 969 1051 locum
997 974 1046 1050 de
1075 974 1151 1048 hoo
1179 962 1297 1072 urgu-¹
1416 984 1417 991 ’

280 1106 417 1165 mento
431 1089 472 1163 in
486 1089 613 1191 ipsius
624 1092 781 1191 scriptis
794 1090 986 1167 habemus
1000 1147 1010 1177 ,
1026 1086 1294 1191 ubilegimus:

191 1207 193 1212 ’
237 1245 257 1260 ·
277 1232 299 1276 s
319 1202 401 1281 Sed
413 1208 579 1305 primum
598 1211 866 1294 mouentum,
891 1222 933 1284 ut
953 1206 1127 1284 docentes
1144 1228 1296 1281 monea-

251 1311 252 1316 ’
279 1345 389 1410 mut,
414 1320 510 1422 quid
531 1325 585 1397 sit
611 1326 894 1423 interpretatio,
925 1349 1022 1425 quoe
1048 1325 1131 1424 ejus
1140 1320 1296 1417 forme.

277 1438 403 1530 Nom,
425 1440 515 1516 lieet
533 1439 588 1515 ad
604 1438 932 1539 q‘usfaouitatem
948 1440 1154 1537 plurimum
1173 1426 1300 1512 ualeat

278 1556 502 1631 exercitatio
516 1566 559 1629 et
580 1578 696 1645 usus,
716 1570 754 1630 et
774 1556 865 1631 uani
886 1556 985 1639 sint,
1009 1557 1074 1656 qui
1092 1580 1176 1628 eom
1198 1549 1298 1623 Dio·
1352 1637 1356 1649 ι

279 1670 425 1747 lecticis
444 1672 659 1772 praeceptis
677 1674 866 1767 ¹contineri
877 1686 1010 1769 putent
1019 1699 1035 1765 ,·
1058 1669 1160 1745 leaeo.
1173 1683 1301 1744 tamen

281 1786 436 1861 minime
457 1798 550 1861 sunt
569 1784 815 1889 neglegendo.
828 1784 878 1861 In
896 1776 1000 1865 reotd
1020 1784 1169 1884 quidem
1189 1784 1301 1857 insti·
1334 1836 1348 1845 -

282 1903 454 1988 tutione,
477 1903 590 2002 quom
609 1905 821 2003 sequimur,
840 1914 940 1978 certe
951 1903 1194 1999 profitemur,
1212 1900 1304 1973 usui

278 2016 559 2117 praemittenda
575 2030 636 2093 est
653 2022 776 2108 ratio,
800 2022 944 2095 actioni
958 2020 1153 2121 cogitatio.
1172 2016 1304 2117 Neque

285 2135 360 2242 ita
373 2131 428 2207 ad
456 2135 775 2231 interpretandum
812 2136 990 2247 accedere
1022 2132 1228 2224 debemus,
1262 2146 1306 2207 ut

285 2231 412 2346 ipsum
432 2246 505 2323 hoa
529 2246 795 2347 interpretari,
820 2248 970 2352 quidet
994 2248 1103 2351 quale
1124 2250 1202 2339 sit,
1220 2275 1306 2323 non

280 2364 480 2462 perspicue
504 2361 775 2466 diligenterque
801 2374 1006 2443 teneamus.
1025 2363 1193 2467 Igitur
1181 2378 1305 2437 mter·

115 2530 127 2543 .
178 2482 181 2485 ’
284 2478 455 2582 protetio
486 2492 546 2555 est
577 2483 699 2557 oratio
709 2534 724 2571 ,
758 2506 854 2581 quae
891 2471 1031 2579 efficit,
1068 2494 1110 2553 ut
1146 2476 1307 2567 atterius

232 2633 239 2648 ·
285 2595 492 2670 orationem
533 2596 805 2699 intelligamus.
849 2596 1106 2701 Inteiiigimus
1147 2592 1306 2668 alterius

200 2750 209 2772 κ
252 2740 260 2757 ·
287 2714 517 2798 orationem,
535 2712 695 2813 *quando
721 2716 759 2788 ei
784 2712 984 2815 eumdem,
1010 2706 1119 2813 q'uem
1144 2715 1223 2810 ipse
1250 2706 1308 2781 αἶὲ

286 2839 364 2916 ter,
385 2825 632 2929 adjungimus
646 2852 814 2903 sensum.
832 2830 923 2904 Hoo
939 2831 981 2903 in
995 2828 1150 2931 Logiois
1166 2810 1308 2900 nostris
1367 2872 1369 2877 ·

278 2934 495 3043 praeeiptis
537 2941 778 3019 tradidimus.
828 2936 908 3019 Sed
953 2940 1307 3037 interpretationis,
1408 3038 1410 3041 Ι

287 3073 478 3161 tamquam
491 3062 668 3162 generes,
690 3060 791 3135 duae
808 3073 898 3135 sunt
905 3054 1065 3155 formae
1075 3111 1088 3148 ,
1110 3056 1310 3159 Gramma·
1389 3064 1396 3085 '

284 3175 365 3247 tioa
386 3187 424 3248 et
452 3173 613 3249 Gritioa.
639 3172 902 3249 Grammatico
930 3174 1185 3271 interpretatio
1197 3164 1309 3270 judi·
1338 3263 1343 3270 ἱ

286 3300 376 3374 eat,
404 3285 504 3392 quid
523 3286 696 3386 Scriptor
715 3286 886 3363 dixerit:
914 3289 1059 3361 Oritioa
1070 3340 1083 3377 ,
1108 3308 1200 3358 vere
1225 3306 1324 3365 reo,

289 3413 434 3501 teque,
454 3412 542 3477 'neo
574 3426 651 3489 ne,
685 3400 840 3489 dixerit.
875 3402 966 3477 Hoe
999 3402 1039 3476 in
1070 3398 1170 3474 Bibi.
1189 3396 1310 3471 :Urit

231 3516 386 3627 Vot.
417 3515 501 3591 III.
534 3517 584 3593 P.
617 3516 654 3592 I.
682 3544 726 3617 p.
766 3545 809 3593 ιο
842 3521 1070 3593 monuimus.
1109 3506 1313 3611 Utriusque

153 3648 156 3651 ’
288 3631 632 3739 interpretationis,
664 3648 703 3710 et
735 3634 1016 3710 Grammatieae
1047 3647 1088 3710 et
1117 3630 1216 3703 Grit
1185 3641 1313 3714 ttoae,

228 3746 432 3844 duplex
466 3760 525 3832 est
555 3753 847 3866 argumentum,
883 3747 1048 3821 matenia
1081 3760 1118 3820 et
1150 3742 1309 3815 forma

290 3865 452 3940 materia
479 3863 576 3939 duas
605 3864 716 3940 hahet
743 3879 897 3961 partes,
929 3884 991 3935 res
1020 3854 1315 3935 etverba.1ta

208 4019 211 4027 ·
289 3980 484 4083 utriusque
499 3982 818 4080 interpretationis
836 3982 913 4054 tria
932 3992 1021 4051 sunt
1041 3978 1152 4076 quasi
1167 3977 1316 4047 instru-

157 4091 161 4098 ’
290 4109 442 4171 mentae
464 4096 682 4172 Dialectica
701 4109 875 4176 uersatur
898 4092 1122 4189 insormci‚·
1136 4088 1315 4185 Linguae

289 4208 403 4288 natio
431 4214 472 4291 in
498 4210 877 4317 uerit-te'flistorioa
904 4206 1089 4285 Dootrina
1113 4206 1153 4282 in
1178 4202 1311 4279 rebus.
