2850 5084
567 417 592 464 ³*
758 405 849 498 (4)

290 547 419 650 favere,
447 565 594 638 quam
577 540 618 612 cb
648 543 768 618 virium
798 566 941 612 mearum
970 544 1232 619 mediocritatem
1252 537 1334 619 me'

293 673 424 749 carpere
461 644 585 736 malint.
625 646 832 737 Quinetiam,
870 649 899 716 si
935 650 1069 719 fortasse
1110 652 1175 722 hoc
1214 642 1308 724 aliter

292 758 374 826 mihi
405 755 559 875 eveniat,⁸
589 769 621 822 et
649 753 802 823 nonnulli
830 755 1051 848 reperiantur,
1082 760 1140 861 qui
1139 749 1215 828 vel
1238 785 1309 850 ma

292 863 449 956 jorihns
439 861 562 951 ingenii
592 860 643 929 sui
674 860 799 928 viribus
828 884 867 927 ac
894 863 1043 933 dicendi
1054 863 1208 934 facultate
1234 889 1309 935 am-

292 969 390 1062 pliori
429 968 654 1054 confidentes,
698 966 752 1033 vel
786 967 910 1037 invidia
945 984 979 1036 et
1016 971 1158 1061 partium
1198 955 1319 1047 studio.

293 1075 440 1168 abrepti,
468 1068 640 1166 dictitent,
664 1072 751 1140 hanc
747 1074 988 1169 scriptionem
1013 1098 1118 1146 meam
1138 1077 1205 1148 vix
1235 1102 1310 1148 me·

292 1181 407 1250 liorem
424 1195 542 1254 sortem
557 1180 693 1267 mereri,
708 1181 772 1247 nisi
788 1195 826 1247 ut
843 1181 1006 1248 deferatur
1271 1171 1279 1199 '

470 1351 474 1358 .
531 1303 678 1360 Ionicum
694 1302 1111 1371 uendentemtlrmetodom,
1172 1334 1176 1338 ·
1240 1268 1267 1323 ἰ

463 1387 506 1442 Et
517 1389 613 1458 piper,
632 1397 662 1440 et
678 1388 811 1458 quiequid
823 1387 927 1444 chortis
939 1392 1071 1444 amicitur
1085 1394 1204 1460 ineptis,-

294 1477 400 1558 tamen
435 1485 491 1556 ill'a
528 1492 627 1559 animi
663 1492 728 1558 mei
763 1492 852 1558 firma
892 1495 1058 1586 persuasio
1097 1495 1178 1564 mihi
1215 1485 1308 1567 lraud

292 1581 358 1664 levi
396 1587 510 1662 solatio
545 1595 625 1681 erit,
654 1619 705 1662 me
736 1612 774 1662 ut
805 1599 879 1668 otor·
908 1598 1208 1668 WYTTENBacffll
1227 1605 1310 1677 nmi-¹

294 1697 403 1774 citiam
428 1724 553 1828 semper
579 1703 709 1771 maximi
732 1707 984 1796 aestimaverim,
1015 1710 1066 1799 sic
1084 1713 1203 1781 nonai
1233 1736 1307 1782 me-

293 1807 427 1917 moriam
454 1813 509 1904 pie
536 1834 574 1880 ac
604 1810 752 1900 religiose
780 1838 936 1917 usurpare
963 1833 996 1888 et
1026 1841 1117 1890 nuuc
1144 1819 1308 1940 voluisse,

296 1937 327 2018 et
351 1941 474 2012 semper
493 1934 728 2012 usurpatorum
750 1927 837 1992 esse

429 2200 547 2293 Scripsi
563 2198 735 2289 Gandavi,

313 2328 351 2346 ἰι
385 2307 432 2374 Μ.
451 2305 577 2380 DCCC.
597 2308 718 2392 xxm.
