2850 5084
703 453 865 552 (¹4⁰)

278 605 505 707 exemplum
529 625 663 722 presse
680 604 889 691 reddatur
909 620 974 693 et,
991 612 1183 708 quantum
1200 606 1294 707 qui-

278 721 369 793 dem
388 719 493 793 salrd
511 711 724 793 Latinitate
740 734 890 849 potest,
909 720 1032 796 forma
1051 738 1170 823 atqae
1187 748 1294 796 com-

276 834 422 933 positio
446 851 636 908 servetur.
656 836 797 938 ltaque
815 834 987 935 primum
1008 826 1159 912 Graeca
1177 836 1294 937 quasi

278 947 515 1021 adverbum
538 948 675 1021 Latine
699 964 767 1021 aut
790 949 875 1049 ipse
900 951 1094 1047 vertebat
1119 968 1187 1025 aut
1211 951 1292 1025 dis·

276 1063 411 1162 cipulo
432 1062 621 1136 vertenda
646 1064 917 1163 proponebata
943 1064 1088 1138 deiude
1115 1066 1294 1140 animum
1411 1128 1415 1140 ,

276 1179 327 1251 ad
358 1178 400 1250 id
429 1177 682 1261 advertebat,
710 1194 761 1251 ut
784 1178 971 1279 discipuli
1000 1180 1290 1280 intelligerent,

231 1284 425 1391 ·'quibus
451 1292 494 1363 in
521 1292 620 1366 locis
653 1292 803 1366 Graeca
837 1312 876 1366 et
902 1294 1038 1367 Latina
1069 1296 1293 1395 proprietas

276 1405 479 1479 differreta
503 1422 544 1477 et
567 1422 651 1478 tum
675 1407 849 1507 denique
872 1404 976 1482 hanc
1004 1409 1296 1509 interpretatio·

276 1547 370 1593 nem
387 1522 437 1595 ad
453 1522 705 1597 Latinitatem
721 1522 1005 1597 conformabat.
1025 1524 1072 1595 Et
1088 1525 1127 1595 in
1146 1523 1292 1598 scholis

274 1636 424 1710 Latinis
448 1662 527 1711 non
552 1654 705 1721 tantum
729 1637 936 1737 discipulis
960 1638 1087 1712 fontes
1117 1639 1293 1741 Graecos

278 1748 501 1859 indicabat,
530 1750 726 1851 equibus
753 1745 928 1825 Romani
942 1776 1010 1825 sua
1040 1754 1294 1841 amisissent,
1370 1838 1372 1843 Δ

278 1890 416 1938 verum
449 1865 568 1939 etiam
609 1865 778 1941 subinde
813 1866 931 1940 verba
965 1870 1102 1940 Latina
1139 1868 1302 1963 Graece.

277 1981 477 2068 vertebat,
497 1983 730 2080 praesertim
751 2008 875 2083 quum
901 1981 1052 2056 Graeca
1076 1983 1296 2058 efficaciora
1326 1982 1327 1985 ’

279 2115 430 2183 essent,
452 2115 572 2199 atque
590 2124 672 2172 rem
691 2100 916 2174 accuratius
933 2099 1212 2200 significarent.

318 2216 373 2285 'lu
392 2214 699 2313 Antiquitatibus
721 2215 880 2289 Graecis
899 2215 1139 2315 sequebatur
1158 2214 1297 2288 hamb.

166 2430 168 2433 Ι
276 2330 433 2404 Bosium
447 2385 456 2416 ,
470 2330 512 2401 in
522 2330 703 2405 Romanis
720 2331 1053 2431 Christophorum
1065 2331 1295 2407 Cellarium.

277 2445 439 2547 Singula
466 2445 675 2545 utriusque
699 2446 936 2546 Compendii
968 2448 1097 2547 capita
1123 2446 1297 2546 explica·

275 2562 371 2644 bat,
416 2586 625 2662 perperam
668 2562 814 2663 scripta
859 2564 1103 2664 corrigebat,
1151 2564 1296 2635 omissa

278 2676 437 2749 dictatis
468 2657 703 2776 stspplebat,
738 2694 778 2751 et
811 2678 877 2751 illa
909 2680 1070 2751 omnino
1101 2676 1295 2760 addebat
1329 2718 1332 2738 ,-

278 2791 425 2891 quibus
448 2793 648 2865 auditores
666 2792 717 2866 ad
735 2817 868 2866 rerum
888 2792 1142 2893 antiquarum
1163 2792 1298 2892 cogni
1363 2828 1376 2849 ι

175 2990 180 3001 ,
240 2936 242 2940 ·
276 2908 426 2982 tionem
453 2934 500 2981 ac
527 2908 734 2996 scientiam
762 2910 1018 2995 ducerentur,
1043 2909 1225 3009 Denique
1254 2908 1298 2979 in
1393 3006 1395 3009 ι

274 3022 456 3097 Historid
478 3022 666 3097 literarid
687 3024 770 3097 fere
799 3025 938 3098 eodem
962 3023 1079 3097 modo
1108 3021 1292 3095 versaba·
1322 3078 1326 3087 2

279 3158 364 3227 tur,
396 3166 477 3241 quo
503 3141 544 3213 in
571 3142 750 3215 Historia
775 3140 1077 3242 Philosophiae,
1107 3156 1153 3213 ut
1178 3154 1311 3213 anteav

277 3256 385 3340 dixi,
402 3268 586 3330 'versatus
612 3272 708 3341 erat.
729 3257 778 3329 Et
800 3256 1124 3357 quandoquidem
1147 3254 1198 3329 ad
1216 3254 1297 3329 dis⁴

278 3371 502 3471 cip'ulorurn
529 3386 689 3470 captum
715 3396 801 3445 sese
828 3372 1000 3446 scienter
1026 3366 1297 3446 accommoda·

277 3484 372 3567 bat,
407 3500 547 3585 utpote
580 3480 706 3557 artem
737 3483 910 3559 docendi
945 3483 1104 3587 optime
1124 3483 1296 3568 callens,

279 3616 319 3668 et
345 3597 558 3697 diligenter
583 3594 943 3684 animadvertebat,
963 3626 1043 3733 ιμιο
1073 3612 1197 3671 essent
1222 3617 1296 3669 uu-

262 3705 487 3786 'dirorum
471 3717 627 3815 ingenio
650 3714 779 3814 gradu
805 3718 984 3809 maturitas
961 3718 1036 3785 atis
986 3712 1117 3785 tad
1141 3726 1296 3810 partum

277 3829 400 3904 studii
407 3884 420 3919 ‚
440 3829 554 3930 idque
566 3830 773 3911 Socraticci
793 3836 940 3904 ratione
960 3856 1047 3903 oum
1068 3828 1120 3901 od
1139 3832 1298 3901 nascer-

246 4004 261 4027 ,
277 3946 368 4017 dum
389 3946 561 4033 eliceret,
585 3917 664 4017 tcim
684 3972 844 4020 noscens
856 3948 1035 4045 juvaret,
1063 3961 1143 4019 tum
1167 3954 1298 4017 nutum

276 4060 394 4133 oleret
410 4088 456 4134 ac
474 4060 755 4135 moderaretur·
740 4111 754 4153 ‚
773 4061 899 4163 ipsius
925 4060 1082 4133 scholae
1100 4058 1297 4132 tironibus

280 4173 462 4251 similiter
480 4192 600 4278 atque
619 4177 816 4253 ueteranis
839 4176 1051 4251 admodum
1070 4175 1298 4251 fructuosae
