2850 5084
535 435 693 534 (ιιι)

101 559 185 663 hoc
203 576 400 662 Leidense
421 581 649 700 negotium,
674 580 762 684 ipse
785 565 1123 719 Wytteqbechius

102 700 222 777 nobie
258 701 481 774 enarravit:
520 730 538 771 ι
576 698 878 788 Valckenarius,
912 702 991 792 nit,
1025 701 1126 781 diem

103 817 200 893 obiit
232 803 448 914 insequente
477 801 580 890 'anno
615 816 765 915 (1785)
798 842 924 893 mense
953 818 1124 911 Martio,
1224 845 1229 854 ·
1278 918 1282 929 Ι

104 930 238 1006 multis
267 929 333 1026 ille
363 929 577 1005 nominihus
606 928 820 1031 hagendus:
850 946 888 1007 et
914 931 1127 1010 literarum

102 1046 247 1135 causti,
269 1049 458 1120 exstincto
483 1070 615 1119 earum
637 1044 757 1123 altero
784 1046 901 1123 ueluti
919 1046 1061 1125 lumine
1088 1030 1130 1125 el
1157 1079 1175 1157 f·

99 1160 240 1241 oculo:
259 1176 300 1236 et
319 1165 397 1234 mei
416 1186 492 1233 non
511 1161 639 1233 minus
659 1160 822 1249 caussa,
846 1164 988 1241 amisso
1006 1164 1125 1240 altero

102 1276 255 1353 domare
267 1276 460 1356 atlantico,
475 1274 786 1350 incrementorum
799 1277 1127 1372 meorumsautarc

102 1406 218 1493 atque
230 1388 418 1489 adjutore.
432 1388 543 1490 Huic
551 1414 659 1464 nemo
668 1414 918 1465 successurus
928 1406 1013 1467 erat
1020 1444 1034 1481 ,
1047 1395 1128 1469 nist
1162 1412 1165 1419 '
1204 1410 1207 1419 '

101 1532 213 1606 quem
238 1495 487 1580 Ruhnkenius
519 1505 844 1592 commendasset:
870 1521 981 1607 atque
1006 1510 1041 1582 is
1067 1534 1128 1585 me

94 1620 248 1703 ‚dudum
282 1620 328 1695 V
322 1619 540 1694 alchenario
552 1671 568 1707 ,
590 1644 638 1693 nc
668 1622 752 1715 ipso
775 1618 925 1720 quidem
949 1613 1124 1711 nolente,

84 1720 361 1813 'successorem
373 1733 641 1811 destinauerat.
653 1734 740 1836 ligo
749 1740 947 1836 quominus
959 1738 1126 1816 allatam

102 1852 323 1931 cathedram
353 1855 525 1949 accipere
552 1850 683 1925 uellem
693 1905 708 1941 ,
722 1854 883 1947 factum
911 1868 970 1929 cst
999 1880 1126 1947 rerum

103 1994 274 2052 mearum
296 1968 544 2065 temporisque
570 1962 675 2039 illius
698 1966 939 2061 rationibus3
963 1969 1100 2069 quael
1084 1996 1126 2051 ιιι

101 2082 457 2160 Amstelodamensi
472 2080 672 2156 Athenaeo
690 2105 820 2160 recens
837 2108 862 2157 a
875 2084 1126 2183 Philosophia
1173 2128 1175 2134 ·

66 2195 158 2275 nd
171 2202 395 2283 Historias,
414 2196 702 2295 Eloquentiam,
719 2198 938 2299 literaeque
951 2215 990 2276 et
1005 2200 1126 2279 Grae

101 2341 173 2391 cas
200 2330 239 2389 et
266 2314 426 2388 Latinas
449 2311 669 2401 traductus,
702 2312 946 2413 ampliorem,
981 2320 1023 2391 in
1050 2343 1124 2419 quo

101 2455 370 2519 excurrerem,
392 2453 567 2526 campum
582 2444 887 2521 maturescant,
909 2436 1126 2509 necminus
1182 2424 1183 2431 ἵ

102 2545 213 2653 urhis
246 2542 430 2619 liuturmi
464 2543 765 2635 consuetudine,
797 2570 910 2645 quam
948 2516 1139 2625 comitate

101 2644 418 2761 magistratuum
443 2672 600 2736 tenerer
624 2660 787 2761 Siquid
808 2662 903 2737 mihi
928 2675 1037 2749 tunc,
1065 2690 1125 2737 re·
1177 2722 1208 2748 .,

98 2777 285 2873 pudiatae
312 2775 542 2851 conditionis
569 2802 716 2867 causa,
746 2781 965 2853 succensuit
991 2777 1125 2855 Ruhn-

101 2891 240 2967 lcenius
251 2944 266 2981 ,
295 2890 368 2966 hoc
392 2904 430 2965 et
454 2889 563 2967 breue
571 2890 687 2985 suit,
713 2904 861 2967 etcum
889 2918 1015 2969 amore
1032 2917 1126 2968 oon·

3 3035 6 3041 ’
89 3010 297 3111 junctum,
328 3022 366 3083 et
397 3019 520 3092 uetere
551 3032 642 3085 man
670 3006 921 3100 benivolentia
951 3008 1125 3089 oblitera-

100 3139 200 3205 Μ.
214 3124 240 3159 22
563 3156 566 3159 .
1235 3172 1237 3180 Ι

154 3239 377 3341 Repudintt
398 3239 518 3342 igitur
539 3239 729 3323 cathedra
750 3242 964 3329 Leidensi,
983 3241 1128 3319 litera·
1224 3258 1226 3269 ¹

101 3382 191 3433 mm
220 3355 452 3435 Graecarum
472 3370 512 3436 ct
535 3356 756 3434 Latinarum
767 3410 782 3448 ,
813 3358 1015 3433 Historiae
1038 3382 1126 3431 curn

109 3472 319 3549 Universae
339 3488 419 3547 tum
443 3474 624 3565 Patriae,
644 3472 914 3574 Eloquentiae,
939 3458 1127 3564 Poenos,
1209 3473 1214 3481 ’

100 3602 141 3663 et
157 3588 468 3687 Antiquitatum,
486 3587 778 3689 professionem
800 3589 850 3663 de
873 3606 983 3665 nvttt
1005 3588 1127 3690 Α-ριίφ

101 3700 157 3777 lis
193 3702 394 3805 suscepit,
434 3719 476 3778 et
514 3727 623 3778 more
658 3700 853 3805 majorum
894 3702 1127 3781 Orationem

101 3816 387 3917 inaugurelem
407 3814 575 3912 hebuit,
606 3818 721 3917 cnjus
743 3834 1019 3919 argumentum
1048 3815 1128 3893 fuit
1150 3882 1161 3905 ,

101 3930 166 4007 Dc
185 3936 226 4007 ni
245 3946 284 4009 et
305 3933 480 4031 efficacia
498 3933 682 4010 historice
705 3933 1124 4009 anathemandum.
1241 4029 1243 4034 .
1277 3933 1281 3941 ’

101 4052 241 4151 Atque
264 4054 316 4125 n'e
340 4052 407 4127 cui
432 4051 578 4128 mirum
599 4053 827 4141 rideretur,
852 4078 925 4129 cur
948 4068 1017 4129 out
1038 4052 1127 4127 Phi·

97 4164 309 4269 Iosophiae
345 4167 562 4248 tradendae
589 4170 746 4249 muneri
778 4182 817 4247 et
850 4168 994 4254 honori
1021 4168 1126 4245 hene
