2850 5084
199 577 203 583 ’
309 572 514 648 memorati
545 565 764 672 argumenti
795 593 816 639 a
853 563 993 664 Ριίοιι
1006 564 1117 640 ducti
1151 565 1201 644 ad
1235 589 1329 666 Ριο·

278 751 279 754 ,
308 685 480 790 bandam
496 679 785 758 auctoritatem
790 679 965 754 divinam
980 679 1184 782 religionis
1199 679 1335 758 Chris·
1404 721 1418 754 ο

310 806 457 904 tianae.
488 779 584 896 Mori
613 794 813 894 Salchlins
835 794 1060 890 rationibus
1086 797 1332 904 Wytteub'a

312 919 394 994 chii
422 915 519 993 alias
550 910 749 1002 rationes,
778 887 984 1011 exempla,
1016 909 1335 1010 comparationes
1388 899 1395 907 ’

224 1037 228 1044 “
301 1007 360 1109 ¹et
385 1027 576 1130 historica
604 1027 841 1128 argumenta
873 1023 1042 1129 quidem
1070 1025 1331 1125 opponebat,

314 1147 384 1226 sed
418 1145 484 1221 hic
520 1169 600 1216 non
635 1139 807 1218 cedebat
837 1139 949 1229 illis,
982 1139 1078 1218 licet
1110 1140 1175 1243 ad
1193 1165 1336 1216 verum

305 1245 588 1368 *quaerendum
605 1282 691 1332 sese
707 1255 924 1363 cxcitatum
937 1255 1124 1332 sentiret.
1118 1235 1194 1350 Ac
1206 1281 1335 1355 quum

316 1372 511 1482 ejusmodi
530 1363 851 1472 disputationes
840 1354 938 1468 ipsis
957 1368 1116 1468 saepius
1134 1367 1335 1498 fuissent,

316 1492 392 1566 illo
405 1488 575 1594 domum
588 1483 807 1578 redeunte,
830 1483 884 1568 ita
905 1481 1197 1580 discesserunt,
1220 1481 1339 1583 quasi

303 1631 427 1696 „snam
444 1620 616 1718 uterque
637 1588 830 1675 retineret
845 1592 1098 1700 opinidnemt
1120 1624 1152 1673 st
1143 1599 1339 1700 quidem

292 1733 460 1818 neuter
485 1705 842 1822 animadverterat,
876 1737 919 1786 se
946 1712 997 1786 ad
1026 1709 1195 1815 alterius
1216 1712 1338 1800 ratiq-

316 1859 411 1907 nem
437 1817 557 1956 ppulo
585 1812 877 1904 inclinatiorem
905 1826 1054 1903 factum
1085 1851 1188 1906 esse
1218 1827 1355 1930 Quod·

317 1953 450 2052 tamen
485 1961 625 2078 postea
659 1943 820 2051 utrique
856 1943 1055 2044 apparuit.
1093 1943 1340 2045 Wpttenba·
1389 1978 1396 1990 ·

318 2060 410 2138 chio
432 2063 539 2161 enim
541 2061 709 2138 deinde
738 2087 872 2135 secum
899 2062 1086 2162 cogitanti
1107 2081 1342 2165 argumenta

253 2203 264 2240 ·-
315 2157 428 2251 illins
466 2177 600 2251 minus
642 2175 745 2294 salsa
774 2175 1033 2305 videbantur,
1057 2204 1191 2307 quam
1212 2197 1341 2260 antea

307 2291 573 2397 'refellentis
563 2280 776 2392 ipsumque
794 2289 837 2364 in
856 2315 943 2364 eam
960 2290 1063 2366 viam
1081 2292 1229 2386 sensim
1245 2319 1342 2378 con·

320 2423 548 2514 verterunt,
575 2411 653 2506 qud
674 2431 724 2478 ex
747 2405 823 2479 isto
850 2406 1014 2517 opinato
1039 2405 1230 2508 scientiae
1253 2408 1340 2519 riq·
1387 2479 1389 2482 .

273 2577 298 2624 ¹.
321 2522 414 2624 culo
430 2520 689 2621 aliquantum
720 2519 966 2612 remitteret.
983 2535 1126 2624 atque
1143 2518 1341 2617 Salcltlius

322 2636 452 2738 aptior
467 2631 700 2708 dialecticae
704 2626 968 2736 diligentiae,
984 2635 1202 2737 firmaeque
1216 2637 1343 2728 scien·
1383 2685 1387 2691 ·

323 2751 401 2824 tiae
422 2749 650 2834 studiosior,
651 2747 881 2936 Marbnrgo
900 2747 963 2823 ad
968 2774 1060 2828 suos
1073 2751 1241 2850 ιςιιῆβας
1251 2775 1345 2852 pos·

371 2981 533 3092 Interea
551 2957 684 3053 autem
707 2976 932 3053 scholarum
953 2968 1231 3076 habendarum
1243 2994 1345 3080 tem·
1365 3009 1370 3017 ⁸

324 3121 400 3198 pus
418 3111 700 3204 praeterierat
725 3119 800 3167 nec
823 3092 1165 3200 Wyttenbachrus
1182 3119 1346 3194 mpgno·
1381 3130 1384 3137 ·

263 3203 268 3210 ’
322 3213 420 3320 pere
427 3205 694 3310 quidquam
685 3235 726 3280 ιιι
749 3181 868 3280 rebus
893 3207 1146 3318 Theologicis
1164 3208 1346 3311 profece-

324 3339 399 3399 rat.
420 3324 635 3430 Maximam
654 3323 736 3425 diei
734 3319 907 3433 partem
924 3325 1000 3401 isto
1019 3327 1199 3403 semestri
1217 3329 1347 3428 spatio

327 3421 449 3514 (lomi
466 3457 688 3543 occupatus
721 3432 851 3535 luerat
881 3467 973 3524 cum
1006 3442 1048 3515 in
1082 3443 1347 3536 retractandis

325 3535 578 3682 disciplinis,
603 3578 703 3655 quas
731 3553 773 3625 in
801 3553 1072 3656 professorum
1099 3555 1246 3633 scholis
1269 3585 1348 3640 an·

326 3683 390 3742 tea
420 3663 631 3769 percipere
661 3685 875 3769 coeperat,
911 3687 997 3746 tum
1014 3697 1122 3762 vero
1154 3671 1276 3747 etiam
1303 3673 1349 3746 in

321 3767 506 3895 ‘legendis
522 3799 562 3858 et
577 3783 717 3859 Latine
732 3781 933 3861 vertendis
947 3752 1245 3893 quorumdam
1219 3787 1349 3867 Grae·

325 3886 467 3974 dorum
490 3897 729 4000 scriptorum
750 3898 877 3994 libris.
901 3891 1020 3999 Quod
1046 3929 1171 4006 quum
1196 3882 1251 3985 nd
1274 3927 1349 3993 nc·

329 4013 456 4090 titiam
477 4015 847 4147 condiscipulorum
868 4034 987 4120 atque
1009 4017 1179 4100 aliorum
1197 4019 1350 4098 amico·

329 4156 418 4268 ιιιιιιι
450 4130 721 4252 pervenisset,
754 4135 939 4212 nonnulli
968 4162 1017 4212 ex
1045 4136 1142 4226 iis,
1154 4137 1226 4241 qui
1260 4159 1351 4215 sese
